@book{demtroderExperimentalphysik2014,
  title = {Experimentalphysik 2},
  author = {Demtröder, Wolfgang},
  date = {2014-07-08},
  publisher = {{Springer-Verlag GmbH}},
  url = {https://www.ebook.de/de/product/22876029/wolfgang_demtroeder_experimentalphysik_2.html},
  isbn = {978-3-642-29944-5},
  pagetotal = {482}
}

@misc{krennInterferenzUndPolarisation2023,
  title = {Interferenz und Polarisation},
  author = {Krenn, Joachim},
  date = {2023-04},
  url = {https://moodle.uni-graz.at/pluginfile.php/2103993/mod_resource/content/1/Versuch_Interferenz_Polarisation_v1_04.pdf},
  langid = {ngerman},
  annotation = {email=joachim.krenn@uni-graz.at titleTranslation:},
  file = {/home/bob/Zotero/storage/X795C54U/Versuch_Interferenz_Polarisation_v1_04.pdf}
}

@book{kuchlingTaschenbuchPhysik2014,
  title = {Taschenbuch Der {{Physik}}},
  author = {Kuchling, Horst},
  date = {2014-10-08},
  publisher = {{Hanser Fachbuchverlag}},
  url = {https://www.ebook.de/de/product/23173597/horst_kuchling_taschenbuch_der_physik.html},
  isbn = {978-3-446-44218-4},
  pagetotal = {711}
}

@book{wolfgangkesselISOBIPMGUMSicht2004,
  title = {Die {{ISO}}/{{BIPM-GUM Sicht}}:{{Schätzwert}} \& {{Messunsicherheit}}},
  author = {Wolfgang Kessel, Braunschweig},
  date = {2004}
}
